<?xml version="1.0" encoding="UTF-8"?><collection xmlns="http://www.loc.gov/MARC21/slim"><record><leader>00545nam--2200181-i-4500</leader><controlfield tag="001">000044976</controlfield><controlfield tag="002">20161230</controlfield><controlfield tag="005">20170109000221</controlfield><controlfield tag="008">060222s1000------------r-----000-0-fre-d</controlfield><datafield ind1=" " ind2=" " tag="040"><subfield code="a">IFIN-HH</subfield></datafield><datafield ind1=" " ind2=" " tag="041"><subfield code="a">fre</subfield></datafield><datafield ind1=" " ind2=" " tag="080"><subfield code="a">539.12.162.8(043)</subfield></datafield><datafield ind1="1" ind2=" " tag="100"><subfield code="a">Tocqueville, Jacques</subfield></datafield><datafield ind1="1" ind2="0" tag="245"><subfield code="a">Mesure des sections efficaces differentielles elastiques p entre 0,875 et 1,58 gev/c</subfield><subfield code="b">These</subfield><subfield code="c">Jacques ocqueville</subfield></datafield><datafield ind1=" " ind2=" " tag="260"><subfield code="a">Paris</subfield><subfield code="b">Faculte Des Sciences De Paris VI</subfield><subfield code="c">1972</subfield></datafield><datafield ind1=" " ind2=" " tag="300"><subfield code="a">132 p</subfield></datafield><datafield ind1=" " ind2=" " tag="852"><subfield code="a">40294</subfield><subfield code="c">539.131</subfield></datafield><datafield ind1=" " ind2=" " tag="CAT"><subfield code="a">SYS</subfield><subfield code="c">20170109</subfield><subfield code="h">000221</subfield></datafield></record></collection>